@article{Ilesan2024,
  author    = {Ilesan, Robert Radu and Stefaniga, Sebastian-Aurelian and Flesar, Radu and Beyer, Michel and Ginghina, Elena and Pestean, Ana Sorina and Hirsch, Martin C. and Perju-Dumbrava, Lacramioara and Farago, Paul},
  title     = {In Silico Decoding of Parkinson's: Speech \& Writing Analysis},
  journal   = {Journal of Clinical Medicine},
  volume    = {13},
  number    = {18},
  pages     = {5573},
  year      = {2024},
  month     = {September},
  doi       = {10.3390/jcm13185573},
  publisher = {MDPI},
}

@article{Liu2024,
  author    = {Liu, Yanbin and Dwivedi, Girish and Boussaid, Farid and Bennamoun, Mohammed},
  title     = {3D Brain and Heart Volume Generative Models: A Survey},
  journal   = {ACM Computing Surveys},
  volume    = {56},
  number    = {6},
  pages     = {137},
  year      = {2024},
  month     = {June},
  doi       = {10.1145/3638044},
  publisher = {ACM},
}

@article{Du2024,
  author    = {Du, Weizhi and Tian, Shihao},
  title     = {Transformer and GAN-Based Super-Resolution Reconstruction Network for Medical Images},
  journal   = {Tsinghua Science and Technology},
  volume    = {29},
  number    = {1},
  pages     = {197-206},
  year      = {2024},
  month     = {February},
  doi       = {10.26599/TST.2022.9010071},
  publisher = {Tsinghua University Press},
}

@inproceedings{Hsieh2020,
  author    = {Hsieh, Kuan Yu and Tsai, Han-Chun and Chen, Guan-Yu},
  title     = {Generation of High-resolution Lung Computed Tomography Images using Generative Adversarial Networks},
  booktitle = {42nd Annual International Conference of the IEEE Engineering in Medicine and Biology Society (EMBC)},
  year      = {2020},
  pages     = {2400-2403},
  month     = {July},
  publisher = {IEEE},
  doi       = {10.1109/EMBC44109.2020.9176380},
}

@article{Vey2019,
  author    = {Vey, Brianna L. and Gichoya, Judy W. and Prater, Adam and Hawkins, C. Matthew},
  title     = {The Role of Generative Adversarial Networks in Radiation Reduction and Artifact Correction in Medical Imaging},
  journal   = {Journal of the American College of Radiology},
  volume    = {16},
  number    = {9},
  pages     = {1273-1278},
  year      = {2019},
  month     = {September},
  doi       = {10.1016/j.jacr.2019.05.040},
  publisher = {Elsevier},
}
